<record><leader>00000cas a2200000 a 4500</leader><controlfield tag="001">60427684</controlfield><controlfield tag="008">050523d20042005wauer ne      0    0eng c</controlfield><datafield ind1=" " ind2=" " tag="010"><subfield code="a">  2005252360</subfield></datafield><datafield ind1=" " ind2=" " tag="040"><subfield code="a">WAU</subfield><subfield code="b">eng</subfield><subfield code="c">WAU</subfield><subfield code="d">WAU</subfield><subfield code="d">OCLCQ</subfield><subfield code="d">OCLCF</subfield><subfield code="d">OCLCA</subfield></datafield><datafield ind1="1" ind2=" " tag="029"><subfield code="a">AU@</subfield><subfield code="b">000027187057</subfield></datafield><datafield ind1=" " ind2=" " tag="042"><subfield code="a">pcc</subfield></datafield><datafield ind1=" " ind2=" " tag="043"><subfield code="a">n-us-wa</subfield></datafield><datafield ind1="0" ind2=" " tag="130"><subfield code="a">Seattle star (Seattle, Wash. : 2004)</subfield></datafield><datafield ind1="1" ind2="0" tag="245"><subfield code="a">Seattle star.</subfield></datafield><datafield ind1="3" ind2="0" tag="246"><subfield code="a">Star</subfield></datafield><datafield ind1=" " ind2=" " tag="260"><subfield code="a">Seattle, Wash. :</subfield><subfield code="b">Town Crier Pub. Co.,</subfield><subfield code="c">c2004-c2005.</subfield></datafield><datafield ind1=" " ind2=" " tag="300"><subfield code="a">2 v. :</subfield><subfield code="b">ill. ;</subfield><subfield code="c">36 cm.</subfield></datafield><datafield ind1=" " ind2=" " tag="310"><subfield code="a">Biweekly</subfield></datafield><datafield ind1="0" ind2=" " tag="362"><subfield code="a">Vol. 3, no. 9 (May 5/8, 2004)-v. 4, no. 8 (Apr. 27/May 17, 2005).</subfield></datafield><datafield ind1=" " ind2=" " tag="580"><subfield code="a">Merged with: Seattle sun (Seattle, Wash. : 2004), to form: Seattle sun &amp; star.</subfield></datafield><datafield ind1=" " ind2="0" tag="651"><subfield code="a">Seattle (Wash.)</subfield><subfield code="v">Newspapers.</subfield></datafield><datafield ind1=" " ind2="7" tag="655"><subfield code="a">Newspapers.</subfield><subfield code="2">fast</subfield><subfield code="0">(OCoLC)fst01423814</subfield></datafield><datafield ind1=" " ind2="7" tag="651"><subfield code="a">Washington (State)</subfield><subfield code="z">Seattle.</subfield><subfield code="2">fast</subfield><subfield code="0">(OCoLC)fst01204940</subfield></datafield><datafield ind1=" " ind2=" " tag="752"><subfield code="a">United States</subfield><subfield code="b">Washington</subfield><subfield code="c">King</subfield><subfield code="d">Seattle.</subfield></datafield><datafield ind1="0" ind2="0" tag="780"><subfield code="t">South Seattle star</subfield><subfield code="w">(DLC)  2002252945</subfield><subfield code="w">(OCoLC)50318998</subfield></datafield><datafield ind1="1" ind2="7" tag="785"><subfield code="t">Seattle sun (Seattle, Wash. : 2004)</subfield><subfield code="w">(DLC)  2005252490</subfield><subfield code="w">(OCoLC)56623017</subfield></datafield><datafield ind1="1" ind2="7" tag="785"><subfield code="t">Seattle sun &amp; star</subfield><subfield code="w">(DLC)  2005252488</subfield><subfield code="w">(OCoLC)60574114</subfield></datafield></record>